@manual{XSAMS:Schema,
      title  = {XSAMS Schema Version 1.0},
      url    = {http://www.vamdc.org/downloads/vamdc-xsams-v1.0.tar.bz2}
}

@manual{XSAMS:Docs,
      title  = {VAMDC-XSAMS Reference Guide Version 12.07},
      author = {C. Hill and  M. Doronin and T. Marquart},
      url    = {http://www.vamdc.org/documents/vamdc-xsams-guide_v12.07.pdf},
      year   = {2012}
}

@manual{XSAMS:returnables,
      title  = {VAMDC-XSAMS Returnables"},
      url    = {https://standards.vamdc.eu/dictionary/returnables.html},
}

@manual{XSAMS:ecosystem,
      title  = {VAMDC-XSAMS data model},
      url    = {https://standards.vamdc.eu/#data-model}
}
